@book{Tamara,

author={Munzner,Tamara and Maguire,Eamonn},

year={2015},

title={Visualization analysis and design},

publisher={CRC Press},

address={Boca Raton, FL},

keywords={Thi -421 matematik matematisk statistik statistisk metode grafisk metode diagrammer; Bs -158 visuel kommunikation grafisk afbildning; Information visualization},

isbn={9781466508910;1466508914;},

language={English},

url={http://syddansk.summon.serialssolutions.com/2.0.0/link/0/eLvHCXMwY2AwNtIz0EUrE1JSTJIMTFPTkhLTTI0tE5NAOxqTDJKBdX8SsEJJA18h6WPk52Ts7Qc6YQi2iiwxpyyzWBd0CmIxsFefko2lUx_sEuqk64_Ws7cNd3UKdg0Kcw1SQ15uCWqsmJiZaEMyCLDcNgZ2hoB5ICTAEDEuY2wCLLDNwHvAzEDNF_DVUJCjoaB80GmWxZUpKcC6JBupMnITZGABbVAQYmBKzRNmEIBdy6AAzaUiDPJhmcWgrZKQDZYKidBjRxTUFFLAyzVEGeTdXEOcPXRhpsdDx3DioS43EmNgycvPS5VgULBMBTZ9zCwtk80NE02AzagkI_MkS0tzA9NEM8skkzQDSQYJXKZI4ZaSZuACtghMIWMMMgysacA8kCqL8C4ATH2DbA},
}

@book{Wickham,

author={Wickham,Hadley},

year={2009},

title={ggplot2: Elegant Graphics for Data Analysis},

publisher={Springer-Verlag New York},

address={New York, NY},

edition={2nd Printing.},

abstract={Provides both rich theory and powerful applications Figures are accompanied by code required to produce them Full color figures},

keywords={Mathematical statistics; Statistical Theory and Methods; Statistics; Graphic methods; Computer Software Packages; COMPUTERS; Computer Graphics; R (Computer program language); Electronic books; local},

isbn={9780387981413;0387981411;0387981403;9780387981406;},

language={English},

url={http://syddansk.summon.serialssolutions.com/2.0.0/link/0/eLvHCXMwdV3PT8IwFH4RjAnEg6LCZEavHmbWdmXdVSMxUXcSr02h7WJQIDAT_e9t94sNw23La5a912bv6_v6vgEQfOd7O98EzDQlWkhKcBQiKtnUbAtMJtFSiUBn4p-TFxzfk-fYKgyVjXbZUQ7kWRnEjdnWy3lDZ3YrmPif-K8px0YMBcgjLWgx3677ePJeVWHMkg4jGhY0bjYSFbI85T2pMZhFL1IXjk1eWYsv-ZHYX3s00GlFqNrLXylNxpnXUtb4BA6V7WM4hQO16EH3tZJn3fSgYyFmrtB8BkdJsvpcpvgcrsePbw9PXvk4XpR2OCLUQLKQXEB7sVyoAdyMppFQks3QjAmz8yVspCkNFWNCE4xU5ICbO8NXuZoFb_jqQD93sTIjnwQWljgw3LGkP2nN6jYiUg0yCMsgUGMuA8QzErg4ecqpbYpmDtyWQau_VnP-uIGuOPIdGOwLw-V-0xA6OQ1kaycutNP1t7razs8fonrC-A},

}

@book{Iliinsky,

author={Iliinsky,Noah and Steele,Julie},

year={2011},

title={Designing Data Visualizations},

publisher={Oâ€™Reilly Media},


isbn={9781449312282;},

language={English},

}


@PhdThesis{Guo,

author={Guo,Philip Jia},

year={2012},

title={Data Science Workflow: Overview and Challenges},
school ={Stanford University},
language={English},
url={: http://purl.stanford.edu/mb510fs4943},

}