@online{Seltman,
	author = {Seltman, Howard},
	title  = {Experimental Design for Behavioral and Social Sciences},
	date   = {26-05-2016},
	url    = {http://www.stat.cmu.edu/~hseltman/309/Book/chapter4.pdf}
}

@online{Weimer,
	author = {Weimer, Paula},
	title  = {History of statistics & probability, John Wilder Tukey},
	date   = {26-05-2016},
	url    = {http://mnstats.morris.umn.edu/introstat/history/w98/Tukey.html}
}

%University of Minnesota Morris, http://mnstats.morris.umn.edu/introstat/history/w98/Tukey.html, visited 26-05-2016, Paula A. Weimer

%Experimental Design for Behavioral and Social Sciences, Howard Seltman, Chapter 4, online version: http://www.stat.cmu.edu/~hseltman/309/Book/chapter4.pdf, visited 26-05-2016